% ********** References **********

@MISC{top_three_issues_centralized_web,
  AUTHOR =       "{Prem Tummalacherla}",
  TITLE =        "{The Top 3 Issues Of The Centralized Internet}",
  HOWPUBLISHED = "\url{https://medium.com/@IamPremt/the-top-3-issues-of-the-centralized-internet-1db59d5e495e}",
  MONTH = "Last access: February 12,",
  YEAR = "2020"
}

@MISC{facebook_data_hell_medium,
  AUTHOR =       "{Georges Abi-Heila}",
  TITLE =        "{Your Facebook data is creepy as hell}",
  HOWPUBLISHED = "\url{https://medium.com/@John.Val.John/your-facebook-data-is-creepy-as-hell-319ae47117e6}",
  MONTH = "Last access: February 12,",
  YEAR = "2020"
}

@MISC{cambridge_analytica,
  AUTHOR =       "{Mike Butcher}",
  TITLE =        "{Cambridge Analytica email chain with Facebook sheds new light on data misuse scandal}",
  HOWPUBLISHED = "\url{https://techcrunch.com/2020/01/17/cambridge-analytica-whistleblower-reveals-new-documents-showing-how-facebook-handled-the-data-misuse-scandal}",
  MONTH = "Last access: February 12,",
  YEAR = "2020"
}

@MISC{why_web_decentralization_future,
  AUTHOR =       "{Andrew Hayward}",
  TITLE =        "{Why decentralization is the future for social media}",
  HOWPUBLISHED = "\url{https://techcrunch.com/2020/01/17/cambridge-analytica-whistleblower-reveals-new-documents-showing-how-facebook-handled-the-data-misuse-scandal/https://techcrunch.com/2020/01/17/cambridge-analytica-whistleblower-reveals-new-documents-showing-how-facebook-handled-the-data-misuse-scandal}",
  MONTH = "Last access: February 12,",
  YEAR = "2020"
}

@MISC{rest_foundations,
  AUTHOR =       "{Brian Sletten, Chase Doelling}",
  TITLE =        "{Why decentralization is the future for social media}",
  HOWPUBLISHED = "\url{https://techcrunch.com/2020/01/17/cambridge-analytica-whistleblower-reveals-new-documents-showing-how-facebook-handled-the-data-misuse-scandal/https://techcrunch.com/2020/01/17/cambridge-analytica-whistleblower-reveals-new-documents-showing-how-facebook-handled-the-data-misuse-scandal}",
  MONTH = "Last access: February 12,",
  YEAR = "2020"
}

@MISC{a_bit_about_blockchain,
  AUTHOR =       "{Mayur Ingle}",
  TITLE =        "{A Bit About Blockchain}",
  HOWPUBLISHED = "\url{https://dzone.com/articles/a-bit-about-blockchain}",
  MONTH = "Last access: February 12,",
  YEAR = "2020"
}

@MISC{what_are_P2P_networks,
  AUTHOR =       "{Codrut Neagu}",
  TITLE =        "{What are P2P (peer-to-peer) networks and what are they used for?}",
  HOWPUBLISHED = "\url{https://www.digitalcitizen.life/what-is-p2p-peer-to-peer}",
  MONTH = "Last access: February 12,",
  YEAR = "2020"
}

@MISC{ipfs,
  AUTHOR =       "{IPFS}",
  TITLE =        "{IPFS powers the Distributed Web}",
  HOWPUBLISHED = "\url{https://ipfs.io/}",
  MONTH = "Last access: February 12,",
  YEAR = "2020"
}

@MISC{shift_power_to_users,
  AUTHOR =       "{Nathaniel Popper}",
  TITLE =        "{Twitter and Facebook Want to Shift Power to Users. Or Do They?
}",
  HOWPUBLISHED = "\url{https://www.nytimes.com/2019/12/18/technology/facebook-twitter-bitcoin-blockchain.html}",
  MONTH = "Last access: February 12,",
  YEAR = "2020"
}

@MISC{solid_spec,
  AUTHOR =       "{SOLID}",
  TITLE =        "{Solid}",
  HOWPUBLISHED = "\url{https://github.com/solid/solid}",
  MONTH = "Last access: February 10,",
  YEAR = "2020"
}

@MISC{solid_article_1,
  AUTHOR =       "{Tim Berners-Lee}",
  TITLE =        "{One Small Step for the Webâ€¦}",
  HOWPUBLISHED = "\url{https://medium.com/@timberners_lee/one-small-step-for-the-web-87f92217d085}",
  MONTH = "Last access: February 10,",
  YEAR = "2020"
}

@MISC{solid_official,
  AUTHOR =       "{Solid}",
  TITLE =        "{Solid}",
  HOWPUBLISHED = "\url{https://solid.mit.edu/}",
  MONTH = "Last access: February 10,",
  YEAR = "2020"
}

@MISC{solid_webid-tls:,
  AUTHOR =       "{Solid}",
  TITLE =        "{Solid WebID-TLS Protocol Spec}",
  HOWPUBLISHED = "\url{https://github.com/solid/solid-spec/blob/master/authn-webid-tls.md}",
  MONTH = "Last access: February 10,",
  YEAR = "2020"
}

@MISC{solid_webid_oidc,
  AUTHOR = "{Solid}",
  TITLE = "{WebID-OIDC Authentication Spec}",
  HOWPUBLISHED = "\url{https://github.com/solid/webid-oidc-spec}",
  MONTH = "Last access: February 10,",
  YEAR = "2020"
}

@MISC{solid_web_access_control,
  AUTHOR =       "{Solid}",
  TITLE =        "{Solid}",
  HOWPUBLISHED = "\url{https://github.com/solid/web-access-control-spec}",
  MONTH = "Last access: February 10,",
  YEAR = "2020"
}

@article{blockstack_white_paper,
title = "Blockstack Technical Whitepaper v 2.0",
year = "2019",
url = "https://blockstack.org/whitepaper.pdf",
author = "Blockstack PBC"
}

@MISC{diaspora_wiki,
  AUTHOR =       "{Diaspora}",
  TITLE =        "{An introduction to the Diaspora source}",
  HOWPUBLISHED = "\url{https://wiki.diasporafoundation.org/An_introduction_to_the_Diaspora_s}",
  MONTH = "Last access: February 10,",
  YEAR = "2020"
}

@article{elastos_white_paper,
title = "Elastos White Paper",
year = "2018",
url = "https://www.elastos.org/downloads/elastos_whitepaper_en.pdf",
author = "Elastos Foundation"
}

@MISC{elastos_developer,
  AUTHOR =       "{Elastos}",
  TITLE =        "{Elastos Documentation}",
  HOWPUBLISHED = "\url{https://developer.elastos.org/}",
  MONTH = "Last access: February 10,",
  YEAR = "2020"
}

@article{fuzzy_frontend,
title = "1 Fuzzy Front End : Effective Methods , Tools , and Techniques",
year = "2002",
author = "Peter A. Koen, Greg Ajamian, Scott D. Boyce, Allen Clamen, Eden S. Fisher, Stavros G. Fountoulakis, Albert Johnson, Pushpinder Singh Puri, Rebecca Seibert",
keywords = "Automated guided vehicle systems, Literature survey, Design and control, Distribution, Transshipment and transportation systems"
}

@MISC{fast,
  AUTHOR =       "{Value Analysis}",
  TITLE =        "{VA In Depth}",
  HOWPUBLISHED = "\url{https://www.valueanalysis.ca/fast.php}",
  MONTH = "Last access: February 15,",
  YEAR = "2020"
}

@MISC{canvas,
  AUTHOR =       "{Team Pitchspot}",
  TITLE =        "{The Business Model Canvas Explained}",
  HOWPUBLISHED = "\url{https://medium.com/pitchspot/the-business-model-canvas-explained-1f5b76207f7f}",
  MONTH = "Last access: February 15,",
  YEAR = "2020"
}

@article{ahp,
title = "Decision Making With the Analytic Hierarchy Process",
volume = "1",
number = "3",
pages = "83 - 98",
year = "2008",
author = "Thomas L. Saaty",
keywords = "decision making; intangibles; judgements; priorities Analytic Hierarchy Process; AHP; comparisons; ratings; synthesis. "
}

@MISC{microservices,
  AUTHOR =       "{Mrityunjay Kumar}",
  TITLE =        "{Microservices Architecture: What, When, and How}",
  HOWPUBLISHED = "\url{https://dzone.com/articles/microservices-architecture-what-when-how}",
  MONTH = "Last access: February 18,",
  YEAR = "2020"
}

@MISC{bounded_context,
  AUTHOR =       "{Martin Fowler}",
  TITLE =        "{BoundedContext}",
  HOWPUBLISHED = "\url{https://martinfowler.com/bliki/BoundedContext.html}",
  MONTH = "Last access: February 18,",
  YEAR = "2020"
}

@MISC{rest,
  AUTHOR =       "{Brian Sletten, Chase Doelling}",
  TITLE =        "{Foundations of RESTful Architecture}",
  HOWPUBLISHED = "\url{https://dzone.com/refcardz/rest-foundations-restful?chapter=1}",
  MONTH = "Last access: February 18,",
  YEAR = "2020"
}

@MISC{cqrs,
  AUTHOR =       "{Martin Fowler}",
  TITLE =        "{CQRS}",
  HOWPUBLISHED = "\url{https://martinfowler.com/bliki/CQRS.html}",
  MONTH = "Last access: February 22,",
  YEAR = "2020"
}

@MISC{cap_theorem,
  AUTHOR =       "{Akhil Mehra}",
  TITLE =        "{Understanding the CAP Theorem}",
  HOWPUBLISHED = "\url{https://dzone.com/articles/understanding-the-cap-theorem}",
  MONTH = "Last access: February 22,",
  YEAR = "2020"
}

@MISC{event_sourcing,
  AUTHOR =       "{Divya Dua}",
  TITLE =        "{Introduction to Event Sourcing}",
  HOWPUBLISHED = "\url{https://dzone.com/articles/introduction-to-event-sourcing}",
  MONTH = "Last access: February 22,",
  YEAR = "2020"
}








% ********** End of References **********